@misc{openmp,
	title		= {The {O}pen{MP} specification},
	howpublished= {http://openmp.org}
}
@misc{openmptut,
	title	 	= {How to use {OpenMP}},
	howpublished= {https://computing.llnl.gov/tutorials/openMP/}
}
