@unpublished{towards,
	title	  = {{T}owards a {H}igh-{P}erformance {R}obust {I}mplementation of {MPI-IO} on top of {GPFS}},
	author	  = {{J. P. P}rost and {R. T}reumann and {R. B}lackmore and {C. H}artman and {R. H}edges and {B. J}ia and {A. K}oniges and {A. W}hite},
	year	  = {2000},
	note	  = {Preprint, available at https://computing.llnl.gov/code/sio/ucrl-jc-137128.pdf},
	publisher = {{L}awrence {L}ivermore {N}ational {L}aboratory}
}
@unpublished{mpi-io,
	title	  = {{P}arallel {I/O T}echniques},
	author    = {(none given)},
	year 	  = {2003},
	note	  = {Workshop slides, available at http://www.osc.edu/supercomputing/training/pario/parallel-io-nov04.pdf},
	publisher = {{O}hio {S}upercomputer {C}enter}
}
@unpublished{mpi-io2,
	title	= {{Parallel I/O in MPI}},
	author	= {{R}ajeev {T}hakur},
	year	= {2000},
	note	= {{L}ecture slides, available at http://www.classes.cs.uchicago.edu/archive/2000/fall/CS103-01/Lectures/mpi-io/},
	publisher = {{U}niversity of {C}hicago}
}
